<?xml version="1.0" encoding="UTF-8"?><collection xmlns="http://www.loc.gov/MARC21/slim"><record><leader>00567nam--2200157-i-4500</leader><controlfield tag="001">000002960</controlfield><controlfield tag="002">20161230</controlfield><controlfield tag="005">20170208131106</controlfield><controlfield tag="008">060222s1000------------r-----000-0-eng-d</controlfield><datafield ind1=" " ind2=" " tag="100"><subfield code="a">Lapparent, Albert F.De</subfield></datafield><datafield ind1=" " ind2=" " tag="245"><subfield code="a">Excursions geologiques dans le basin de Paris. Premiere serie: Les terrains tertiaires aux environs de Paris. Nouvelle edition corrigee</subfield></datafield><datafield ind1=" " ind2=" " tag="260"><subfield code="a">Hermann &amp; Cie</subfield><subfield code="c">1956</subfield></datafield><datafield ind1=" " ind2=" " tag="300"><subfield code="a">84 p.+ 2 F.Pl</subfield></datafield><datafield ind1=" " ind2=" " tag="490"><subfield code="a">Actualites Scientifiques Et Industrielles 910-1241 Geologie Regionale De La France</subfield></datafield><datafield ind1=" " ind2=" " tag="852"><subfield code="a">553.495</subfield></datafield><datafield ind1=" " ind2=" " tag="CAT"><subfield code="a">SYS</subfield><subfield code="c">20170208</subfield><subfield code="h">131106</subfield></datafield></record></collection>